% BiBTeX Sample Database

@Preamble{ {\hyphenation{Post-Script Sprin-ger}}
}

@String{AW = {{Ad\-di\-son-Wes\-ley}}}
@String{AW:adr = {Reading, Massachusetts}}
@String{j-TUGboat = {TUGboat}}

@ARTICLE{belyaev13,
   author = {{Belyaev}, M.~A. and {Rafikov}, R.~R. and {Stone}, J.~M.},
    title = "{Angular Momentum Transport by Acoustic Modes Generated in the Boundary Layer. I. Hydrodynamical Theory and Simulations}",
  journal = {\apj},
archivePrefix = "arXiv",
   eprint = {1212.0580},
 primaryClass = "astro-ph.SR",
 keywords = {accretion, accretion disks, hydrodynamics, instabilities, waves },
     year = 2013,
    month = jun,
   volume = 770,
      eid = {67},
    pages = {67},
      doi = {10.1088/0004-637X/770/1/67},
   adsurl = {https://ui.adsabs.harvard.edu/abs/2013ApJ...770...67B},
  adsnote = {Provided by the SAO/NASA Astrophysics Data System}
}

